@misc{kingma2014method,
  author = {Kingma, Diederik P. and Ba, Jimmy},
  title = {Adam: A Method for Stochastic Optimization},
  url = {http://arxiv.org/abs/1412.6980},
  note = {Retrieved on 2020-03-30},
  year = 2014
}

@misc{chollet_keras,
  author = {Chollet, François},
  howpublished = {https://blog.keras.io/building-autoencoders-in-keras.html},
  year = {2016},
  month = {May},
  title = "{Building Autoencoders in Keras}",
  note = {Retrieved on 2020-03-30}
}

@article{hinton_improving_2012,
	title = {Improving neural networks by preventing co-adaptation of feature detectors},
	author = {Hinton, Geoffrey E. and Srivastava, Nitish and Krizhevsky, Alex and Sutskever, Ilya and Salakhutdinov, Ruslan R.},
	month = jul,
	year = {2012},
}


@InProceedings{Simonyan15,
  author       = "Karen Simonyan and Andrew Zisserman",
  title        = "Very Deep Convolutional Networks for Large-Scale Image Recognition",
  booktitle    = "International Conference on Learning Representations",
  year         = "2015",
}

@inproceedings{he_2015,
author = {He, Kaiming and Zhang, Xiangyu and Ren, Shaoqing and Sun, Jian},
title = {Delving Deep into Rectifiers: Surpassing Human-Level Performance on ImageNet Classification},
year = {2015},
publisher = {IEEE Computer Society},
doi = {10.1109/ICCV.2015.123},
booktitle = {Proceedings of the 2015 IEEE International Conference on Computer Vision (ICCV)},
pages = {1026–1034},
numpages = {9},
series = {ICCV ’15}
}


@InProceedings{glorot2011,
  title = 	 {Deep Sparse Rectifier Neural Networks},
  author = 	 {Xavier Glorot and Antoine Bordes and Yoshua Bengio},
  booktitle = 	 {Proceedings of the Fourteenth International Conference on Artificial Intelligence and Statistics},
  pages = 	 {315--323},
  year = 	 {2011},
  editor = 	 {Geoffrey Gordon and David Dunson and Miroslav Dudík},
  volume = 	 {15},
  series = 	 {Proceedings of Machine Learning Research},
  month = 	 {11--13 Apr},
  publisher = 	 {PMLR},
}

@inproceedings{hinton_relu,
author = {Nair, Vinod and Hinton, Geoffrey E.},
title = {Rectified Linear Units Improve Restricted Boltzmann Machines},
year = {2010},
publisher = {Omnipress},
booktitle = {Proceedings of the 27th International Conference on International Conference on Machine Learning},
pages = {807–814},
series = {ICML’10}
}


@article{springenberg_striving_2014,
	title = {Striving for simplicity: {The} all convolutional net},
	shorttitle = {Striving for simplicity},
	journal = {arXiv preprint},
	author = {Springenberg, Jost Tobias and Dosovitskiy, Alexey and Brox, Thomas and Riedmiller, Martin},
	year = {2014},
}

@article{odena2016deconvolution,
  author = {Odena, Augustus and Dumoulin, Vincent and Olah, Chris},
  title = {Deconvolution and Checkerboard Artifacts},
  journal = {Distill},
  year = {2016},
  url = {http://distill.pub/2016/deconv-checkerboard},
  doi = {10.23915/distill.00003}
}

@misc{karpath_cs231n,
  author = {Karpathy, Andrew},
  howpublished = {http://cs231n.github.io/convolutional-networks},
  year = {2020},
  title = {CS231n: Convolutional Neural Networks for Visual Recognition},
  note = {Retrieved on 2020-03-28}
}

@article{dumoulin2016guide,
  title="{A guide to convolution arithmetic for deep learning}",
  author = {{Dumoulin}, Vincent and {Visin}, Francesco},
  journal = {ArXiv e-prints},
  year={2016},
  month={mar}
}

@article{ronneberger_unet_2015,
  author    = {Olaf Ronneberger and
               Philipp Fischer and
               Thomas Brox},
  title     = {U-Net: Convolutional Networks for Biomedical Image Segmentation},
  journal   = {CoRR},
  volume    = {abs/1505.04597},
  year      = {2015},
}

@inproceedings{beers_deep_2019,
	title = {Deep {Neural} {Networks} with {Intersection} over {Union} {Loss} for {Binary} {Image} {Segmentation}},
	doi = {10.5220/0007347504380445},
	booktitle = {{ICPRAM}},
	author = {Beers, Floris van and Lindström, Arvid and Okafor, Emmanuel and Wiering, Marco A.},
	year = {2019},
}

@inproceedings{rahman_optimizing_2016,
	series = {Lecture {Notes} in {Computer} {Science}},
	title = {Optimizing {Intersection}-{Over}-{Union} in {Deep} {Neural} {Networks} for {Image} {Segmentation}},
	doi = {10.1007/978-3-319-50835-1_22},
	booktitle = {Advances in {Visual} {Computing}},
	publisher = {Springer International Publishing},
	author = {Rahman, Md Atiqur and Wang, Yang},
	editor = {Bebis, George and Boyle, Richard and Parvin, Bahram and Koracin, Darko and Porikli, Fatih and Skaff, Sandra and Entezari, Alireza and Min, Jianyuan and Iwai, Daisuke and Sadagic, Amela and Scheidegger, Carlos and Isenberg, Tobias},
	year = {2016},
	pages = {234--244},
}


@inproceedings{rezatofighi_generalized_2019,
	title = {Generalized {Intersection} {Over} {Union}: {A} {Metric} and a {Loss} for {Bounding} {Box} {Regression}},
	doi = {10.1109/CVPR.2019.00075},
	booktitle = {2019 {IEEE}/{CVF} {Conference} on {Computer} {Vision} and {Pattern} {Recognition} ({CVPR})},
	publisher = {IEEE},
	author = {Rezatofighi, Hamid and Tsoi, Nathan and Gwak, JunYoung and Sadeghian, Amir and Reid, Ian and Savarese, Silvio},
	month = jun,
	year = {2019},
	pages = {658--666},
}

@article{bychkov_deep_2018,
	title = {Deep learning based tissue analysis predicts outcome in colorectal cancer},
	volume = {8},
	issn = {2045-2322},
	doi = {10.1038/s41598-018-21758-3},
	journal = {Scientific Reports},
	author = {Bychkov, Dmitrii and Linder, Nina and Turkki, Riku and Nordling, Stig and Kovanen, Panu E. and Verrill, Clare and Walliander, Margarita and Lundin, Mikael and Haglund, Caj and Lundin, Johan},
	month = feb,
	year = {2018},
}

@article{litjens_deep_2016,
	title = {Deep learning as a tool for increased accuracy and efficiency of histopathological diagnosis},
	volume = {6},
	issn = {2045-2322},
	doi = {10.1038/srep26286},
	journal = {Scientific Reports},
	author = {Litjens, Geert and Sánchez, Clara I. and Timofeeva, Nadya and Hermsen, Meyke and Nagtegaal, Iris and Kovacs, Iringo and Hulsbergen - van de Kaa, Christina and Bult, Peter and van Ginneken, Bram and van der Laak, Jeroen},
	month = may,
	year = {2016},
}

@article{al-kofahi_deep_2018,
	title = {A deep learning-based algorithm for 2-{D} cell segmentation in microscopy images},
	volume = {19},
	issn = {1471-2105},
	doi = {10.1186/s12859-018-2375-z},
	number = {1},
	journal = {BMC Bioinformatics},
	author = {Al-Kofahi, Yousef and Zaltsman, Alla and Graves, Robert and Marshall, Will and Rusu, Mirabela},
	month = oct,
	year = {2018},
}

@article{aprupe_robust_2019,
	title = {Robust and accurate quantification of biomarkers of immune cells in lung cancer micro-environment using deep convolutional neural networks},
	volume = {7},
	doi = {10.7717/peerj.6335},
	journal = {PeerJ},
	author = {Aprupe, Lilija and Litjens, Geert and Brinker, Titus J. and van der Laak, Jeroen and Grabe, Niels},
	month = apr,
	year = {2019},
}

@article{turkki_antibody-supervised_2016,
	title = {Antibody-supervised deep learning for quantification of tumor-infiltrating immune cells in hematoxylin and eosin stained breast cancer samples},
	volume = {7},
	doi = {10.4103/2153-3539.189703},
	journal = {Journal of Pathology Informatics},
	author = {Turkki, Riku and Linder, Nina and Kovanen, Panu E. and Pellinen, Teijo and Lundin, Johan},
	month = sep,
	year = {2016},
}

@article{david_using_2010,
	title = {Using simple artificial intelligence methods for predicting amyloidogenesis in antibodies},
	volume = {11},
	doi = {10.1186/1471-2105-11-79},
	journal = {BMC bioinformatics},
	author = {David, Maria Pamela C. and Concepcion, Gisela P. and Padlan, Eduardo A.},
	month = feb,
	year = {2010},
}

@misc{Coenon2019,
    title = "{Understanding UMAP}",
    author = "{Coenen and Pearce}",
    year=2019,
    howpublished = "\url{https://pair-code.github.io/understanding-umap/}",
    note = "Retrieved on 2020-03-28"
}

@article{umap_arxiv,
     author = {{McInnes}, L. and {Healy}, J.},
     title = "{UMAP: Uniform Manifold Approximation
     and Projection for Dimension Reduction}",
     journal = {ArXiv e-prints},
     archivePrefix = "arXiv",
     eprint = {1802.03426},
     primaryClass = "stat.ML",
     keywords = {Statistics - Machine Learning,
                 Computer Science - Computational Geometry,
                 Computer Science - Learning},
     year = 2018,
     month = feb,
}

@article{muh_allerhunter_2009,
	title = {{AllerHunter}: a {SVM}-pairwise system for assessment of allergenicity and allergic cross-reactivity in proteins},
	volume = {4},
	shorttitle = {{AllerHunter}},
	doi = {10.1371/journal.pone.0005861},
	language = {eng},
	number = {6},
	journal = {PloS One},
	author = {Muh, Hon Cheng and Tong, Joo Chuan and Tammi, Martti T.},
	month = jun,
	year = {2009},
}

@article{vanDerMaaten2008,
  author = {van der Maaten, Laurens and Hinton, Geoffrey},
  journal = {Journal of Machine Learning Research},
  pages = {2579--2605},
  title = {Visualizing Data using {t-SNE}},
  volume = 9,
  year = 2008
}

@article{wattenberg2016how,
  author = {Wattenberg, Martin and Viégas, Fernanda and Johnson, Ian},
  title = {How to Use t-SNE Effectively},
  journal = {Distill},
  year = {2016},
  url = {http://distill.pub/2016/misread-tsne},
  doi = {10.23915/distill.00002}
}

@book{buchser_assay_2014,
	title = {Assay {Development} {Guidelines} for {Image}-{Based} {High} {Content} {Screening}, {High} {Content} {Analysis} and {High} {Content} {Imaging}},
	publisher = {Eli Lilly \& Company and the National Center for Advancing Translational Sciences},
	author = {Buchser, William and Collins, Mark and Garyantes, Tina and Guha, Rajarshi and Haney, Steven and Lemmon, Vance and Li, Zhuyin and Trask, O. Joseph},
	month = sep,
	year = {2014},
}

@InProceedings{Xie15,
  author       = "Weidi Xie and J. Alison Noble and Andrew Zisserman",
  title        = "Microscopy Cell Counting with Fully Convolutional Regression Networks",
  booktitle    = "MICCAI 1st Workshop on Deep Learning in Medical Image Analysis",
  year         = "2015",
}

@article{Xue2017,
  author    = {Yao Xue and
               Nilanjan Ray},
  title     = {Cell Detection with Deep Convolutional Neural Network and Compressed
               Sensing},
  journal   = {CoRR},
  volume    = {abs/1708.03307},
  year      = {2017},
}

@article{Lathu2018,
  author    = {St{\'{e}}phane Lathuili{\`{e}}re and
               Pablo Mesejo and
               Xavier Alameda{-}Pineda and
               Radu Horaud},
  title     = {A Comprehensive Analysis of Deep Regression},
  journal   = {CoRR},
  volume    = {abs/1803.08450},
  year      = {2018},
}

@article{wang2016,
author = {Wang, Yasi and Yao, Hongxun and Zhao, Sicheng},
title = {Auto-Encoder Based Dimensionality Reduction},
year = {2016},
issue_date = {April 2016},
volume = {184},
number = {C},
doi = {10.1016/j.neucom.2015.08.104},
journal = {Neurocomput.},
month = apr,
pages = {232–242},
numpages = {11},
}

@misc{saenz2018,
    title={Dimensionality-Reduction of Climate Data using Deep Autoencoders},
    author={J. A. Saenz and N. Lubbers and N. M. Urban},
    year={2018},
}

@article{Zamparo2015,
  author    = {Lee Zamparo and
               Zhaolei Zhang},
  title     = {Deep Autoencoders for Dimensionality Reduction of High-Content Screening
               Data},
  journal   = {CoRR},
  year      = {2015},
}

@inbook{Goodfellow-et-al-2016,
    title={Deep Learning},
    author={Ian Goodfellow and Yoshua Bengio and Aaron Courville},
    chapter = 14,
    publisher={MIT Press},
    note={\url{http://www.deeplearningbook.org}},
    year={2016}
}

@inbook{rumelhart_1986,
author = {Rumelhart, D. E. and Hinton, G. E. and Williams, R. J.},
title = {Learning Internal Representations by Error Propagation},
year = {1986},
publisher = {MIT Press},
address = {Cambridge, MA, USA},
booktitle = {Parallel Distributed Processing: Explorations in the Microstructure of Cognition, Vol. 1: Foundations},
pages = {318–362},
numpages = {45}
}

@article{rawat_deep_2017,
	title = {Deep {Convolutional} {Neural} {Networks} for {Image} {Classification}: {A} {Comprehensive} {Review}},
	volume = {29},
	issn = {0899-7667},
	doi = {10.1162/neco_a_00990},
	number = {9},
	journal = {Neural Computation},
	author = {Rawat, Waseem and Wang, Zenghui},
	month = jun,
	year = {2017},
	note = {Publisher: MIT Press},
	pages = {2352--2449}
}

@article{shen_2019,
author = {Shen, Li and Margolies, Laurie and Rothstein, Joseph and Fluder, Eugene and McBride, Russell and Sieh, Weiva},
year = {2019},
month = {08},
pages = {1-12},
title = {Deep Learning to Improve Breast Cancer Detection on Screening Mammography},
volume = {9},
journal = {Scientific Reports},
doi = {10.1038/s41598-019-48995-4}
}

@incollection{krizhevsky_imagenet_2012,
	title = {{ImageNet} {Classification} with {Deep} {Convolutional} {Neural} {Networks}},
	booktitle = {Advances in {Neural} {Information} {Processing} {Systems} 25},
	publisher = {Curran Associates, Inc.},
	author = {Krizhevsky, Alex and Sutskever, Ilya and Hinton, Geoffrey E},
	editor = {Pereira, F. and Burges, C. J. C. and Bottou, L. and Weinberger, K. Q.},
	year = {2012},
	pages = {1097--1105},
}

@article{lecun_1989,
    author={Y. {LeCun} and B. {Boser} and J. S. {Denker} and D. {Henderson} and R. E. {Howard} and W. {Hubbard} and L. D. {Jackel}},
    journal={Neural Computation},
    title={Backpropagation Applied to Handwritten Zip Code Recognition},
    year={1989},
    volume={1},
    number={4},
    pages={541-551},}

@article{fukushima_neocognitron_1980,
	title = {Neocognitron: {A} self-organizing neural network model for a mechanism of pattern recognition unaffected by shift in position},
	volume = {36},
	issn = {1432-0770},
	shorttitle = {Neocognitron},
	doi = {10.1007/BF00344251},
	number = {4},
	journal = {Biological Cybernetics},
	author = {Fukushima, Kunihiko},
	month = apr,
	year = {1980},
	pages = {193--202}
}

@misc{benson_antigen_2015,
	title = {Antigen presentation kinetics control {T} cell/dendritic cell interactions and follicular helper {T} cell generation in vivo},
	journal = {eLife},
	author = {Benson, Robert A. and MacLeod, Megan KL and Hale, Benjamin G. and Patakas, Agapitos and Garside, Paul and Brewer, James M.},
	month = aug,
	year = {2015},
	doi = {10.7554/eLife.06994},
}

@misc{Rogh20,
    title = "{Dendritic Cells}",
    author = {Roghanian, Ali},
    year=2020,
    howpublished = "\url{https://www.immunology.org/public-information/bitesized-immunology/cells/dendritic-cells}",
    note = "Retrieved on 2020-03-17"
}

@misc{Brewster15,
    title = "{The immune system: looking for love in all the right places}",
    author = {Brewster, Jim},
    year = 2015,
    howpublished = "\url{https://www.youtube.com/watch?v=hRvyCYyab68}",
    note = "Retrieved on 2020-03-17"
}

@inproceedings{Pey17,
  author    = {Simon {Peyton Jones}},
  title     = {How to Write a Great Research Paper},
  booktitle = {2017 Imperial College Computing Student Workshop, {ICCSW} 2017, September
               26-27, 2017, London, {UK}},
  pages     = {1:1--1:1},
  year      = {2017},

}
